<?xml version="1.0" encoding="UTF-8"?>
  <record xmlns="http://www.loc.gov/MARC21/slim" type="Authority">
    <leader>00000nz  a2200000nc 4500</leader>
    <controlfield tag="001">118520652</controlfield>
    <controlfield tag="003">DE-101</controlfield>
    <controlfield tag="005">20220310174414.0</controlfield>
    <controlfield tag="008">880701n||azznnaabn           | aaa    |c</controlfield>
    <datafield tag="024" ind1="7" ind2=" ">
      <subfield code="a">118520652</subfield>
      <subfield code="0">http://d-nb.info/gnd/118520652</subfield>
      <subfield code="2">gnd</subfield>
    </datafield>
    <datafield tag="035" ind1=" " ind2=" ">
      <subfield code="a">(DE-101)118520652</subfield>
    </datafield>
    <datafield tag="035" ind1=" " ind2=" ">
      <subfield code="a">(DE-588)118520652</subfield>
    </datafield>
    <datafield tag="035" ind1=" " ind2=" ">
      <subfield code="z">(DE-588)187673977</subfield>
    </datafield>
    <datafield tag="035" ind1=" " ind2=" ">
      <subfield code="z">(DE-588a)187673977</subfield>
      <subfield code="9">v:zg</subfield>
    </datafield>
    <datafield tag="035" ind1=" " ind2=" ">
      <subfield code="z">(DE-588)186638426</subfield>
    </datafield>
    <datafield tag="035" ind1=" " ind2=" ">
      <subfield code="z">(DE-588a)186638426</subfield>
      <subfield code="9">v:zg</subfield>
    </datafield>
    <datafield tag="035" ind1=" " ind2=" ">
      <subfield code="z">(DE-588)158325257</subfield>
    </datafield>
    <datafield tag="035" ind1=" " ind2=" ">
      <subfield code="z">(DE-588a)158325257</subfield>
      <subfield code="9">v:zg</subfield>
    </datafield>
    <datafield tag="035" ind1=" " ind2=" ">
      <subfield code="z">(DE-588a)118520652</subfield>
      <subfield code="9">v:zg</subfield>
    </datafield>
    <datafield tag="035" ind1=" " ind2=" ">
      <subfield code="z">(DE-588a)138940770</subfield>
    </datafield>
    <datafield tag="035" ind1=" " ind2=" ">
      <subfield code="z">(DE-588c)4010089-3</subfield>
      <subfield code="9">v:zg</subfield>
    </datafield>
    <datafield tag="040" ind1=" " ind2=" ">
      <subfield code="a">DE-101</subfield>
      <subfield code="c">DE-101</subfield>
      <subfield code="9">r:DE-101</subfield>
      <subfield code="b">ger</subfield>
      <subfield code="d">9999</subfield>
      <subfield code="e">rda</subfield>
    </datafield>
    <datafield tag="042" ind1=" " ind2=" ">
      <subfield code="a">gnd1</subfield>
    </datafield>
    <datafield tag="043" ind1=" " ind2=" ">
      <subfield code="c">XA-SE</subfield>
    </datafield>
    <datafield tag="065" ind1=" " ind2=" ">
      <subfield code="a">6.1p</subfield>
      <subfield code="2">sswd</subfield>
    </datafield>
    <datafield tag="065" ind1=" " ind2=" ">
      <subfield code="a">16.5p</subfield>
      <subfield code="2">sswd</subfield>
    </datafield>
    <datafield tag="075" ind1=" " ind2=" ">
      <subfield code="b">p</subfield>
      <subfield code="2">gndgen</subfield>
    </datafield>
    <datafield tag="075" ind1=" " ind2=" ">
      <subfield code="b">piz</subfield>
      <subfield code="2">gndspec</subfield>
    </datafield>
    <datafield tag="079" ind1=" " ind2=" ">
      <subfield code="a">g</subfield>
      <subfield code="q">s</subfield>
      <subfield code="q">f</subfield>
      <subfield code="q">a</subfield>
      <subfield code="q">h</subfield>
      <subfield code="u">v</subfield>
      <subfield code="u">w</subfield>
      <subfield code="u">o</subfield>
    </datafield>
    <datafield tag="100" ind1="0" ind2=" ">
      <subfield code="a">Christine</subfield>
      <subfield code="c">Schweden, Königin</subfield>
      <subfield code="d">1626-1689</subfield>
    </datafield>
    <datafield tag="400" ind1="0" ind2=" ">
      <subfield code="a">Christine</subfield>
      <subfield code="c">Suède, reine</subfield>
      <subfield code="d">1626-1689</subfield>
    </datafield>
    <datafield tag="400" ind1="0" ind2=" ">
      <subfield code="a">Queen Christina of Sweden</subfield>
      <subfield code="d">1626-1689</subfield>
    </datafield>
    <datafield tag="400" ind1="0" ind2=" ">
      <subfield code="a">Christiana</subfield>
      <subfield code="c">Schweden, Königin</subfield>
      <subfield code="d">1626-1689</subfield>
    </datafield>
    <datafield tag="400" ind1="0" ind2=" ">
      <subfield code="a">Christina</subfield>
      <subfield code="c">Sverige, drottning</subfield>
      <subfield code="d">1626-1689</subfield>
    </datafield>
    <datafield tag="400" ind1="0" ind2=" ">
      <subfield code="a">Christina</subfield>
      <subfield code="c">Schweden, Königin</subfield>
      <subfield code="d">1626-1689</subfield>
    </datafield>
    <datafield tag="400" ind1="0" ind2=" ">
      <subfield code="a">Christina</subfield>
      <subfield code="c">von Schweden</subfield>
      <subfield code="d">1626-1689</subfield>
    </datafield>
    <datafield tag="400" ind1="0" ind2=" ">
      <subfield code="a">Christina</subfield>
      <subfield code="c">Suecia, Regina</subfield>
      <subfield code="d">1626-1689</subfield>
    </datafield>
    <datafield tag="400" ind1="0" ind2=" ">
      <subfield code="a">Christina</subfield>
      <subfield code="c">Suetia, Regina</subfield>
      <subfield code="d">1626-1689</subfield>
    </datafield>
    <datafield tag="400" ind1="0" ind2=" ">
      <subfield code="a">Christina</subfield>
      <subfield code="c">Svecia, Regina</subfield>
      <subfield code="d">1626-1689</subfield>
    </datafield>
    <datafield tag="400" ind1="0" ind2=" ">
      <subfield code="a">Christina</subfield>
      <subfield code="c">Svetia, Regina</subfield>
      <subfield code="d">1626-1689</subfield>
    </datafield>
    <datafield tag="400" ind1="0" ind2=" ">
      <subfield code="a">Kristina</subfield>
      <subfield code="c">Suecia, Regina</subfield>
      <subfield code="d">1626-1689</subfield>
    </datafield>
    <datafield tag="400" ind1="0" ind2=" ">
      <subfield code="a">Christine</subfield>
      <subfield code="c">de Suède</subfield>
      <subfield code="d">1626-1689</subfield>
    </datafield>
    <datafield tag="400" ind1="0" ind2=" ">
      <subfield code="a">Kristina</subfield>
      <subfield code="c">Schweden, Königin</subfield>
      <subfield code="d">1626-1689</subfield>
    </datafield>
    <datafield tag="400" ind1="0" ind2=" ">
      <subfield code="a">Christina Augusta</subfield>
      <subfield code="c">Schweden, Königin</subfield>
      <subfield code="d">1626-1689</subfield>
    </datafield>
    <datafield tag="400" ind1="0" ind2=" ">
      <subfield code="a">Christina Alexandra</subfield>
      <subfield code="c">Schweden, Königin</subfield>
      <subfield code="d">1626-1689</subfield>
    </datafield>
    <datafield tag="400" ind1="0" ind2=" ">
      <subfield code="a">Cristina</subfield>
      <subfield code="c">Svezia, Regina</subfield>
      <subfield code="d">1626-1689</subfield>
    </datafield>
    <datafield tag="400" ind1="0" ind2=" ">
      <subfield code="a">Cristina</subfield>
      <subfield code="c">di Svezia</subfield>
      <subfield code="d">1626-1689</subfield>
    </datafield>
    <datafield tag="400" ind1="0" ind2=" ">
      <subfield code="a">Christina</subfield>
      <subfield code="c">Swerige, drotning</subfield>
      <subfield code="d">1626-1689</subfield>
    </datafield>
    <datafield tag="400" ind1="0" ind2=" ">
      <subfield code="a">Kristina</subfield>
      <subfield code="c">Sverige, drottning</subfield>
      <subfield code="d">1626-1689</subfield>
    </datafield>
    <datafield tag="400" ind1="0" ind2=" ">
      <subfield code="a">Krystyna</subfield>
      <subfield code="d">1626-1689</subfield>
    </datafield>
    <datafield tag="400" ind1="0" ind2=" ">
      <subfield code="a">Cristina</subfield>
      <subfield code="c">de Suecia</subfield>
      <subfield code="d">1626-1689</subfield>
    </datafield>
    <datafield tag="400" ind1="0" ind2=" ">
      <subfield code="a">Christine</subfield>
      <subfield code="c">Reine, Erudite, Suède, Italie</subfield>
      <subfield code="d">1626-1689</subfield>
      <subfield code="5">CH-GND</subfield>
    </datafield>
    <datafield tag="400" ind1="0" ind2=" ">
      <subfield code="a">Christine</subfield>
      <subfield code="c">Queen, Scholar, Sweden, Italy</subfield>
      <subfield code="d">1626-1689</subfield>
      <subfield code="5">CH-GND</subfield>
    </datafield>
    <datafield tag="400" ind1="0" ind2=" ">
      <subfield code="a">Cristina di Svezia</subfield>
      <subfield code="c">Königin, Gelehrte, Schweden, Italien</subfield>
      <subfield code="d">1626-1689</subfield>
    </datafield>
    <datafield tag="400" ind1="0" ind2=" ">
      <subfield code="a">Cristina di Svezia</subfield>
      <subfield code="c">reine, érudite, Suède, Italie</subfield>
      <subfield code="d">1626-1689</subfield>
    </datafield>
    <datafield tag="400" ind1="0" ind2=" ">
      <subfield code="a">Cristina di Svezia</subfield>
      <subfield code="c">Queen, Scholar, Sweden, Italy</subfield>
      <subfield code="d">1626-1689</subfield>
    </datafield>
    <datafield tag="400" ind1="0" ind2=" ">
      <subfield code="a">Christina von Schweden</subfield>
      <subfield code="c">Königin, Gelehrte, Schweden, Italien</subfield>
      <subfield code="d">1626-1689</subfield>
    </datafield>
    <datafield tag="400" ind1="0" ind2=" ">
      <subfield code="a">Christina von Schweden</subfield>
      <subfield code="c">reine, érudite, Suède, Italie</subfield>
      <subfield code="d">1626-1689</subfield>
    </datafield>
    <datafield tag="400" ind1="0" ind2=" ">
      <subfield code="a">Christina von Schweden</subfield>
      <subfield code="c">Queen, Scholar, Sweden, Italy</subfield>
      <subfield code="d">1626-1689</subfield>
    </datafield>
    <datafield tag="400" ind1="0" ind2=" ">
      <subfield code="a">Christina von Schweden</subfield>
      <subfield code="c">Königin</subfield>
      <subfield code="d">1626-1689</subfield>
    </datafield>
    <datafield tag="400" ind1="0" ind2=" ">
      <subfield code="a">Christina Alessandra</subfield>
      <subfield code="c">Königin von Schweden</subfield>
      <subfield code="d">1626-1689</subfield>
    </datafield>
    <datafield tag="400" ind1="0" ind2=" ">
      <subfield code="a">Christina Alexandra</subfield>
      <subfield code="c">Königin von Schweden</subfield>
      <subfield code="d">1626-1689</subfield>
    </datafield>
    <datafield tag="400" ind1="0" ind2=" ">
      <subfield code="a">Christina Augusta</subfield>
      <subfield code="c">Königin von Schweden</subfield>
      <subfield code="d">1626-1689</subfield>
    </datafield>
    <datafield tag="400" ind1="0" ind2=" ">
      <subfield code="a">Kristiina</subfield>
      <subfield code="c">Königin von Schweden</subfield>
      <subfield code="d">1626-1689</subfield>
    </datafield>
    <datafield tag="400" ind1="0" ind2=" ">
      <subfield code="a">Christina</subfield>
      <subfield code="c">van Zweden</subfield>
      <subfield code="d">1626-1689</subfield>
    </datafield>
    <datafield tag="400" ind1="0" ind2=" ">
      <subfield code="a">Kristina</subfield>
      <subfield code="c">Königin von Schweden</subfield>
      <subfield code="d">1626-1689</subfield>
    </datafield>
    <datafield tag="400" ind1="0" ind2=" ">
      <subfield code="a">Kristina</subfield>
      <subfield code="c">drottning av Sverige</subfield>
      <subfield code="d">1626-1689</subfield>
    </datafield>
    <datafield tag="400" ind1="0" ind2=" ">
      <subfield code="a">Christine</subfield>
      <subfield code="c">reine de Suède</subfield>
      <subfield code="d">1626-1689</subfield>
    </datafield>
    <datafield tag="400" ind1="0" ind2=" ">
      <subfield code="a">Christine</subfield>
      <subfield code="c">Königin, Gelehrte, Schweden, Italien</subfield>
      <subfield code="d">1626-1689</subfield>
    </datafield>
    <datafield tag="400" ind1="0" ind2=" ">
      <subfield code="a">Christina</subfield>
      <subfield code="c">Königin von Schweden</subfield>
      <subfield code="d">1626-1689</subfield>
    </datafield>
    <datafield tag="400" ind1="0" ind2=" ">
      <subfield code="a">Christine</subfield>
      <subfield code="c">Königin von Schweden</subfield>
      <subfield code="d">1626-1689</subfield>
    </datafield>
    <datafield tag="400" ind1="0" ind2=" ">
      <subfield code="a">Christina</subfield>
      <subfield code="c">Queen of Sweden</subfield>
      <subfield code="d">1626-1689</subfield>
    </datafield>
    <datafield tag="400" ind1="0" ind2=" ">
      <subfield code="a">Kristina</subfield>
      <subfield code="c">Queen of Sweden</subfield>
      <subfield code="d">1626-1689</subfield>
    </datafield>
    <datafield tag="400" ind1="0" ind2=" ">
      <subfield code="a">Cristina</subfield>
      <subfield code="c">Regina Sueciaa</subfield>
      <subfield code="d">1626-1689</subfield>
    </datafield>
    <datafield tag="400" ind1="0" ind2=" ">
      <subfield code="a">Christina</subfield>
      <subfield code="c">de Suede, Regina</subfield>
      <subfield code="d">1626-1689</subfield>
    </datafield>
    <datafield tag="400" ind1="0" ind2=" ">
      <subfield code="a">Christina</subfield>
      <subfield code="c">Gothorum, Vandalorum ac Suecorum Regina</subfield>
      <subfield code="d">1626-1689</subfield>
    </datafield>
    <datafield tag="400" ind1="0" ind2=" ">
      <subfield code="a">Christina</subfield>
      <subfield code="c">Suecorum Regina</subfield>
      <subfield code="d">1626-1689</subfield>
    </datafield>
    <datafield tag="400" ind1="0" ind2=" ">
      <subfield code="a">Christina</subfield>
      <subfield code="c">Suecorum, Gothorum &amp; Vandalorum Regina</subfield>
      <subfield code="d">1626-1689</subfield>
    </datafield>
    <datafield tag="400" ind1="0" ind2=" ">
      <subfield code="a">Christina</subfield>
      <subfield code="c">Zweden, koningin</subfield>
      <subfield code="d">1626-1689</subfield>
    </datafield>
    <datafield tag="400" ind1="0" ind2=" ">
      <subfield code="a">Christina</subfield>
      <subfield code="c">Regina</subfield>
      <subfield code="d">1626-1689</subfield>
    </datafield>
    <datafield tag="400" ind1="0" ind2=" ">
      <subfield code="a">Christina</subfield>
      <subfield code="c">Sweden, Queen</subfield>
      <subfield code="d">1626-1689</subfield>
    </datafield>
    <datafield tag="400" ind1="0" ind2=" ">
      <subfield code="a">Christina Alessandra</subfield>
      <subfield code="c">Suecia, Regina</subfield>
      <subfield code="d">1626-1689</subfield>
    </datafield>
    <datafield tag="400" ind1="0" ind2=" ">
      <subfield code="a">Christina</subfield>
      <subfield code="c">Suedia, Regina</subfield>
      <subfield code="d">1626-1689</subfield>
    </datafield>
    <datafield tag="400" ind1="0" ind2=" ">
      <subfield code="a">Christina</subfield>
      <subfield code="c">Sueciae, Regina</subfield>
      <subfield code="d">1626-1689</subfield>
    </datafield>
    <datafield tag="400" ind1="0" ind2=" ">
      <subfield code="a">Kristina</subfield>
      <subfield code="c">Suecicae, Regina</subfield>
      <subfield code="d">1626-1689</subfield>
    </datafield>
    <datafield tag="400" ind1="0" ind2=" ">
      <subfield code="a">Christine</subfield>
      <subfield code="c">Sverige, Drottning</subfield>
      <subfield code="d">1626-1689</subfield>
    </datafield>
    <datafield tag="400" ind1="0" ind2=" ">
      <subfield code="a">Christine</subfield>
      <subfield code="c">Schweden, Königin</subfield>
      <subfield code="d">1626-1689</subfield>
      <subfield code="5">DE-18</subfield>
    </datafield>
    <datafield tag="500" ind1="0" ind2=" ">
      <subfield code="0">(DE-101)118543733</subfield>
      <subfield code="0">(DE-588)118543733</subfield>
      <subfield code="0">https://d-nb.info/gnd/118543733</subfield>
      <subfield code="a">Gustav Adolf</subfield>
      <subfield code="b">II.</subfield>
      <subfield code="c">Schweden, König</subfield>
      <subfield code="d">1594-1632</subfield>
      <subfield code="4">bezf</subfield>
      <subfield code="4">https://d-nb.info/standards/elementset/gnd#familialRelationship</subfield>
      <subfield code="w">r</subfield>
      <subfield code="i">Beziehung familiaer</subfield>
      <subfield code="e">Beziehung familiaer</subfield>
      <subfield code="9">v:Vater</subfield>
    </datafield>
    <datafield tag="500" ind1="0" ind2=" ">
      <subfield code="0">(DE-101)129693774</subfield>
      <subfield code="0">(DE-588)129693774</subfield>
      <subfield code="0">https://d-nb.info/gnd/129693774</subfield>
      <subfield code="a">Maria Eleonora</subfield>
      <subfield code="c">Schweden, Königin</subfield>
      <subfield code="d">1599-1655</subfield>
      <subfield code="4">bezf</subfield>
      <subfield code="4">https://d-nb.info/standards/elementset/gnd#familialRelationship</subfield>
      <subfield code="w">r</subfield>
      <subfield code="i">Beziehung familiaer</subfield>
      <subfield code="e">Beziehung familiaer</subfield>
      <subfield code="9">v:Mutter</subfield>
    </datafield>
    <datafield tag="500" ind1="1" ind2=" ">
      <subfield code="0">(DE-101)116750146</subfield>
      <subfield code="0">(DE-588)116750146</subfield>
      <subfield code="0">https://d-nb.info/gnd/116750146</subfield>
      <subfield code="a">Freinsheim, Johann</subfield>
      <subfield code="d">1608-1660</subfield>
      <subfield code="4">bezb</subfield>
      <subfield code="4">https://d-nb.info/standards/elementset/gnd#professionalRelationship</subfield>
      <subfield code="w">r</subfield>
      <subfield code="i">Beziehung beruflich</subfield>
      <subfield code="e">Beziehung beruflich</subfield>
      <subfield code="9">v:Lehrer</subfield>
    </datafield>
    <datafield tag="548" ind1=" " ind2=" ">
      <subfield code="a">06.12.1626-19.04.1689</subfield>
      <subfield code="4">datx</subfield>
      <subfield code="4">https://d-nb.info/standards/elementset/gnd#dateOfBirthAndDeath</subfield>
      <subfield code="w">r</subfield>
      <subfield code="i">Exakte Lebensdaten</subfield>
    </datafield>
    <datafield tag="548" ind1=" " ind2=" ">
      <subfield code="a">08.12.1626-09.04.1689</subfield>
      <subfield code="4">datx</subfield>
      <subfield code="4">https://d-nb.info/standards/elementset/gnd#dateOfBirthAndDeath</subfield>
      <subfield code="w">r</subfield>
      <subfield code="i">Exakte Lebensdaten</subfield>
      <subfield code="9">v:Geburtsdatum auch 07.12.1626</subfield>
    </datafield>
    <datafield tag="548" ind1=" " ind2=" ">
      <subfield code="a">1626-1689</subfield>
      <subfield code="4">datl</subfield>
      <subfield code="4">https://d-nb.info/standards/elementset/gnd#dateOfBirthAndDeath</subfield>
      <subfield code="w">r</subfield>
      <subfield code="i">Lebensdaten</subfield>
    </datafield>
    <datafield tag="550" ind1=" " ind2=" ">
      <subfield code="a">Königin von Schweden, folgt 1632, verzichtet 1654</subfield>
      <subfield code="4">beru</subfield>
      <subfield code="4">https://d-nb.info/standards/elementset/gnd#professionOrOccupation</subfield>
      <subfield code="w">r</subfield>
      <subfield code="i">Beruf</subfield>
    </datafield>
    <datafield tag="550" ind1=" " ind2=" ">
      <subfield code="0">(DE-101)041643798</subfield>
      <subfield code="0">(DE-588)4164379-3</subfield>
      <subfield code="0">https://d-nb.info/gnd/4164379-3</subfield>
      <subfield code="a">Königin</subfield>
      <subfield code="4">adel</subfield>
      <subfield code="4">https://d-nb.info/standards/elementset/gnd#titleOfNobility</subfield>
      <subfield code="w">r</subfield>
      <subfield code="i">Adelstitel</subfield>
    </datafield>
    <datafield tag="551" ind1=" " ind2=" ">
      <subfield code="0">(DE-101)040576485</subfield>
      <subfield code="0">(DE-588)4057648-6</subfield>
      <subfield code="0">https://d-nb.info/gnd/4057648-6</subfield>
      <subfield code="a">Stockholm</subfield>
      <subfield code="4">ortg</subfield>
      <subfield code="4">https://d-nb.info/standards/elementset/gnd#placeOfBirth</subfield>
      <subfield code="w">r</subfield>
      <subfield code="i">Geburtsort</subfield>
    </datafield>
    <datafield tag="551" ind1=" " ind2=" ">
      <subfield code="0">(DE-101)040504719</subfield>
      <subfield code="0">(DE-588)4050471-2</subfield>
      <subfield code="0">https://d-nb.info/gnd/4050471-2</subfield>
      <subfield code="a">Rom</subfield>
      <subfield code="4">orts</subfield>
      <subfield code="4">https://d-nb.info/standards/elementset/gnd#placeOfDeath</subfield>
      <subfield code="w">r</subfield>
      <subfield code="i">Sterbeort</subfield>
    </datafield>
    <datafield tag="667" ind1=" " ind2=" ">
      <subfield code="a">NDSBIO</subfield>
    </datafield>
    <datafield tag="667" ind1=" " ind2=" ">
      <subfield code="a">12</subfield>
    </datafield>
    <datafield tag="667" ind1=" " ind2=" ">
      <subfield code="a">7</subfield>
    </datafield>
    <datafield tag="667" ind1=" " ind2=" ">
      <subfield code="a">384</subfield>
    </datafield>
    <datafield tag="667" ind1=" " ind2=" ">
      <subfield code="a">VD-17</subfield>
    </datafield>
    <datafield tag="670" ind1=" " ind2=" ">
      <subfield code="a">M; B 1986</subfield>
    </datafield>
    <datafield tag="670" ind1=" " ind2=" ">
      <subfield code="a">Wikipedia</subfield>
      <subfield code="u">http://de.wikipedia.org/wiki/Christina_%28Schweden%29</subfield>
    </datafield>
    <datafield tag="670" ind1=" " ind2=" ">
      <subfield code="a">LCAuth/PND, abgeändert nach KIDS</subfield>
    </datafield>
    <datafield tag="670" ind1=" " ind2=" ">
      <subfield code="a">Gemäss OGND</subfield>
    </datafield>
    <datafield tag="670" ind1=" " ind2=" ">
      <subfield code="a">Supellex epistolica Uffenbachii et Wolfiorum = Katalog der Uffenbach-Wolfschen Briefsammlung / hrsg. u. bearb. von Nilüfer Krüger. - Hamburg : Hauswedell, 1978. 2 Bde. - (Katalog der Handschriften der Staats- und Universitätsbibliothek Hamburg ; 8)</subfield>
    </datafield>
    <datafield tag="670" ind1=" " ind2=" ">
      <subfield code="a">Svenskt biografiskt lexikon</subfield>
      <subfield code="b">Stand: 03.11.2021</subfield>
      <subfield code="u">https://sok.riksarkivet.se/sbl/Presentation.aspx?id=11773</subfield>
    </datafield>
    <datafield tag="672" ind1=" " ind2="0">
      <subfield code="a">Lettres choisies</subfield>
      <subfield code="f">1759</subfield>
    </datafield>
    <datafield tag="672" ind1=" " ind2="0">
      <subfield code="a">Memoires</subfield>
      <subfield code="f">1830</subfield>
    </datafield>
    <datafield tag="672" ind1=" " ind2="0">
      <subfield code="a">Professio fidei ...</subfield>
      <subfield code="f">1656</subfield>
    </datafield>
    <datafield tag="672" ind1=" " ind2="0">
      <subfield code="a">Mary &lt;Scotland, Queen&gt;: Lettres de Marie Stuart Reine d'Ecosse et de Christine, Reine de *</subfield>
      <subfield code="f">1807</subfield>
    </datafield>
    <datafield tag="672" ind1=" " ind2="0">
      <subfield code="a">Copey eines Schreibens so die Königin Christina auß Schwed*</subfield>
      <subfield code="f">1655</subfield>
    </datafield>
    <datafield tag="672" ind1=" " ind2="0">
      <subfield code="a">Königl. Majest. zu Schweden, ... Schreiben an die Reichs-Stände</subfield>
      <subfield code="f">1644</subfield>
    </datafield>
    <datafield tag="672" ind1=" " ind2="0">
      <subfield code="a">Königl. Majest. zu Schweden ... Schreiben an die Reichs-Stände wegen des itzigen Wesens*</subfield>
      <subfield code="f">1644</subfield>
    </datafield>
    <datafield tag="672" ind1=" " ind2="0">
      <subfield code="a">An Ihr Röm. Kayserl. Majestät dero Königlichen Majestät zu Schweden Intervention-Schrifft*</subfield>
      <subfield code="f">1653</subfield>
    </datafield>
    <datafield tag="672" ind1=" " ind2="0">
      <subfield code="a">Caroli, Magnae Britanniae &amp;c. Regis ad Christianam, Sueciae &amp;c. Reginam, Eiusdemque &amp; Reg*</subfield>
      <subfield code="f">1636</subfield>
    </datafield>
    <datafield tag="678" ind1=" " ind2=" ">
      <subfield code="b">1632-1654: Königin von Schweden</subfield>
    </datafield>
    <datafield tag="913" ind1=" " ind2=" ">
      <subfield code="S">pnd</subfield>
      <subfield code="i">5</subfield>
      <subfield code="a">Kristina &lt;Sverige, Drottning&gt;</subfield>
      <subfield code="0">(DE-588a)118520652</subfield>
    </datafield>
    <datafield tag="913" ind1=" " ind2=" ">
      <subfield code="S">pnd</subfield>
      <subfield code="i">5</subfield>
      <subfield code="a">Christine &lt;Schweden, Königin&gt;</subfield>
      <subfield code="0">(DE-588a)118520652</subfield>
    </datafield>
    <datafield tag="913" ind1=" " ind2=" ">
      <subfield code="S">pnd</subfield>
      <subfield code="i">a</subfield>
      <subfield code="a">Christine, Königin v. Schweden</subfield>
      <subfield code="0">(DE-588a)158325257</subfield>
    </datafield>
    <datafield tag="913" ind1=" " ind2=" ">
      <subfield code="S">pnd</subfield>
      <subfield code="i">5</subfield>
      <subfield code="a">Kristina &lt;Sverige, Drottning&gt;</subfield>
      <subfield code="0">(DE-588a)186638426</subfield>
    </datafield>
    <datafield tag="913" ind1=" " ind2=" ">
      <subfield code="S">pnd</subfield>
      <subfield code="i">5</subfield>
      <subfield code="a">CHRISTINE &lt;SCHWEDEN, KÖNIGIN&gt;</subfield>
      <subfield code="0">(DE-588a)187673977</subfield>
    </datafield>
  </record>
